@article{titchmarsh1950,
  title={{G}odfrey {H}arold {H}ardy},
  author={E. C. Titchmarsh},
  journal={J. London Math. Soc.},
  year={1950},
  number={2},
  volume={25},
  pages={81--138}
}
@book{mayr1998,
  title={The evolutionary synthesis: perspectives on the unification of biology},
  author={Mayr, Ernst and Provine, William B},
  year={1998},
  publisher={Harvard University Press}
}
@article{ollivier2009,
  title={Ricci curvature of Markov chains on metric spaces},
  author={Ollivier, Yann},
  journal={Journal of Functional Analysis},
  volume={256},
  number={3},
  pages={810--864},
  year={2009},
  publisher={Elsevier}
}
@article{lemey2010,
  title={Phylogeography takes a relaxed random walk in continuous space and time},
  author={Lemey, Philippe and Rambaut, Andrew and Welch, John J and Suchard, Marc A},
  journal={Molecular biology and evolution},
  volume={27},
  number={8},
  pages={1877--1885},
  year={2010},
  publisher={SMBE}
}
@article{pybus2012,
  title={Unifying the spatial epidemiology and molecular evolution of emerging epidemics},
  author={Pybus, Oliver G and Suchard, Marc A and Lemey, Philippe and Bernardin, Flavien J and Rambaut, Andrew and Crawford, Forrest W and Gray, Rebecca R and Arinaminpathy, Nimalan and Stramer, Susan L and Busch, Michael P and others},
  journal={Proceedings of the National Academy of Sciences},
  volume={109},
  number={37},
  pages={15066--15071},
  year={2012},
  publisher={National Acad Sciences}
}
@article{volz2013,
   Author="Volz, E. M.  and Koelle, K.  and Bedford, T. ",
   Title="{{V}iral phylodynamics}",
   Journal="PLoS Comput. Biol.",
   Year="2013",
   Volume="9",
   Number="3",
   Pages="e1002947"
}
@article{steel2014,
  title={Tracing evolutionary links between species},
  author={Steel, Mike},
  journal={The American Mathematical Monthly},
  volume={121},
  number={9},
  pages={771--792},
  year={2014},
  publisher={JSTOR}
}
@article{whidden2015,
  title={Ricci-Ollivier Curvature of the Rooted Phylogenetic Subtree-Prune-Regraft Graph},
  author={Whidden, Chris and Matsen, Frederick},
  journal={arXiv preprint arXiv:1504.00304},
  year={2015}
}